<?xml version="1.0" encoding="UTF-8"?><collection xmlns="http://www.loc.gov/MARC21/slim"><record><leader>00380nam--2200157-i-4500</leader><controlfield tag="001">000003597</controlfield><controlfield tag="002">20161230</controlfield><controlfield tag="005">20170103233400</controlfield><controlfield tag="008">060222s1000------------r-----000-0-eng-d</controlfield><datafield ind1=" " ind2=" " tag="080"><subfield code="a">621.396</subfield></datafield><datafield ind1=" " ind2=" " tag="100"><subfield code="a">Bendz, W. I</subfield></datafield><datafield ind1=" " ind2=" " tag="245"><subfield code="a">Electronics for industry</subfield></datafield><datafield ind1=" " ind2=" " tag="260"><subfield code="a">New York, London</subfield><subfield code="b">John Wiley</subfield><subfield code="c">1947</subfield></datafield><datafield ind1=" " ind2=" " tag="300"><subfield code="a">X + 501 p</subfield></datafield><datafield ind1=" " ind2=" " tag="852"><subfield code="a">II1209</subfield></datafield><datafield ind1=" " ind2=" " tag="CAT"><subfield code="a">SYS</subfield><subfield code="c">20170103</subfield><subfield code="h">233400</subfield></datafield></record></collection>